
@article {ratti2017,
    author          = {Ratti, Vardayani and Kevan, Peter G. and Eberl, Hermann J.},
    title           = {A Mathematical Model of Forager Loss in Honeybee Colonies Infested with Varroa destructor and the Acute Bee Paralysis Virus},
    volume          = {79},
    number          = {6},
    pages           = {1218--1253},
    year            = {2017},
    doi             = {10.1007/s11538-017-0281-6},
    journaltitle    = {Bulletin of Mathematical Biology},
    publisher       = {Springer}
}

@article{chen_review,
    title = {Review on mathematical modeling of honeybee population dynamics},
    journal = {Mathematical Biosciences and Engineering},
    volume = {18},
    number = {6},
    pages = {9606--9650},
    year = {2021},
    issn = {1551-0018},
    doi = {10.3934/mbe.2021471},
    url = {https://www.aimspress.com/article/doi/10.3934/mbe.2021471},
    author = {Chen, Jun and DeGrandi-Hoffman, Gloria and Ratti, Vardayani and Kang, Yun}
}

@article{khoury2011,
    author = {Khoury, David~S. and Myerscough, Mary~R. and Barron, Andrew~B},
    year = {2011},
    title = {A quantitative model of honey bee colony population dynamics},
    journal = {PloS one},
    volume = {6},
    number = {4},
    doi = {10.1371/journal.pone.0018491}
}

@report{honeymarket1,
    title = {Honey Market Size, Share \& Trends Analysis Report},
    author = {{Grand View Research}},
    year = {2021}
}

@report{honeymarket2,
    title = {The State of the World's Biodiversity for Food and Agriculture},
    author = {FAO},
    year = {2019},
    isbn = {978-92-5-131270-4},
    url = {http://www.fao.org/3/ca3129en/CA3129EN.pdf}
}

@article{honeymarket3,
    title = {Economic valuation of the vulnerability of world agriculture confronted with pollinator decline},
    journal = {Ecological Economics},
    volume = {68},
    number = {3},
    pages = {810-821},
    year = {2009},
    issn = {0921-8009},
    doi = {doi.org/10.1016/j.ecolecon.2008.06.014},
    url = {https://www.sciencedirect.com/science/article/pii/S0921800908002942},
    author = {Gallai, Nicola and Salles, Jean-Michel and Settele, Josef and Vaissière, Bernard~E.}
}

@article{decline,
    author = {Potts, S.~G. and Biesmeijer, J.~C. and Kremen, C. and Neumann, P. and Schweiger, O. and Kunin, W.~E.},
    year = {2010},
    title = {Global pollinator declines: trends, impacts and drivers},
    journal = {Trends in ecology \& evolution},
    volume = {25},
    number = {6},
    pages = {345--353},
    doi= {doi.org/10.1016/j.tree.2010.01.007}
}

@article{honeyreligion,
    author = {Nayik, Gulzar and Shah, Tajamul and Muzaffar, Khalid and Wani, Sajad and Gull, Amir and Majid, Ishrat and Bhat, Farhan},
    year = {2014},
    month = {01},
    pages = {5-8},
    title = {Honey: Its history and religious significance: A review},
    volume = {03},
    journal = {Universal Journal of Pharmacy}
}

@article{sumMar04,
    author = {Sumpter, D. J. T. and Martin, S. J.},
    title = {The dynamics of virus epidemics in Varroa-infested honey bee colonies},
    journal = {Journal of Animal Ecology},
    volume = {73},
    number = {1},
    pages = {51-63},
    doi = {https://doi.org/10.1111/j.1365-2656.2004.00776.x},
    url = {https://besjournals.onlinelibrary.wiley.com/doi/abs/10.1111/j.1365-2656.2004.00776.x},
    year = {2004}
}

@misc{privFDL,
  author = "De Leo, Francesco",
  date = "2024",
  howpublished = "personal communication"
}

@misc{privFPan,
  author = "Panella, Francesco",
  date = "2024",
  howpublished = "personal communication"
}

@incollection{behavGenetics,
    title = {Behavioural Genetics of the Honey Bee Apis mellifera},
    editor = {S.J. Simpson},
    series = {Advances in Insect Physiology},
    publisher = {Academic Press},
    volume = {33},
    pages = {1-49},
    year = {2006},
    issn = {0065-2806},
    doi = {https://doi.org/10.1016/S0065-2806(06)33001-9},
    url = {https://www.sciencedirect.com/science/article/pii/S0065280606330019},
    author = {Oldroyd, Benjamin~P. and Thompson, Graham~J.}
}

@article{algerianHoney,
    author = {Salvatore, Giovanna and Chibani Bahi Amar, Amira and Canale-Tabet, Kamila and Fridi, Riad and Tabet Aoul, Nacera and Saci, Soumia and Labarthe, Emmanuelle and Palombo, Valentino and D’Andrea, Mariasilvia and Vignal, Alain and Faux, Pierre },
    year = {2023},
    month = {12},
    title = {Natural clines and human management impact the genetic structure of Algerian honey bee populations},
    journaltitle = {Genetics Selection Evolution},
    volume = {55},
    doi = {https://doi.org/10.1186/s12711-023-00864-5}
}

@article{antropocora,
    author = {Whitfield, Charles~W. and Behura, Susanta~K. and Berlocher, Stewart~H. and Clark, Andrew~G. and Johnston, J.~Spencer and Sheppard, Walter~S. and Smith, Deborah~R. and Suarez, Andrew~V. and Weaver, Daniel and Tsutsui, Neil~D.},
    title = {Thrice Out of Africa: Ancient and Recent Expansions of the Honey Bee, \emph{Apis mellifera}},
    journal = {Science},
    volume = {314},
    number = {5799},
    pages = {642-645},
    year = {2006},
    doi = {10.1126/science.1132772},
    URL = {https://www.science.org/doi/abs/10.1126/science.1132772},
    eprint = {https://www.science.org/doi/pdf/10.1126/science.1132772}
}

@article{genomeSeq,
    title = {Insights into social insects from the genome of the honeybee Apis mellifera},
    author = {{The Honeybee Genome Sequencing Consortium} and Weinstock, {George M.} and Robinson, {Gene E.} and Gibbs, {Richard A.} and Worley, {Kim C.} and Evans, {Jay D.} and Ryszard Maleszka and Robertson, {Hugh M.} and Weaver, {Daniel B.} and Martin Beye and Peer Bork and Elsik, {Christine G.} and Klaus Hartfelder and Hunt, {Greg J.} and Zdobnov, {Evgeny M.} and Amdam, {Gro V.} and Bitondi, {Mrcia M.G.} and Collins, {Anita M.} and Cristino, {Alexandre S.} and Lattorff, {H. Michael G.} and Lobo, {Carlos H.} and Moritz, {Robin F.A.} and Nunes, {Francis M.F.} and Page, {Robert E.} and Sim{\~o}es, {Zil{\'a} L.P.} and Diana Wheeler and Piero Carninci and Shiro Fukuda and Yoshihide Hayashizaki and Chikatoshi Kai and Jun Kawai and Naoko Sakazume and Daisuke Sasaki and Michihira Tagami and Stefan Albert and Geert Baggerman and Beggs, {Kyle T.} and Guy Bloch and Giuseppe Cazzamali and Mira Cohen and Drapeau, {Mark David} and Dorothea Eisenhardt and Christine Emore and Ewing, {Michael A.} and Fahrbach, {Susan E.} and Sylvain For{\^e}t and Grimmelikhuijzen, {Cornelis J.P.} and Frank Hauser and Hummon, {Amanda B.} and Jurgen Huybrechts and Jones, {Andrew K.} and Tatsuhiko Kadowaki and Noam Kaplan and Robert Kucharski and Grard Leboulle and Michal Linial and Littleton, {J. Troy} and Mercer, {Alison R.} and Richmond, {Timothy A.} and Rodriguez-Zas, {Sandra L.} and Rubin, {Elad B.} and Sattelle, {David B.} and David Schlipalius and Liliane Schoofs and Yair Shemesh and Sweedler, {Jonathan V.} and Rodrigo Velarde and Peter Verleyen and Evy Vierstraete and Williamson, {Michael R.} and Ament, {Seth A.} and Brown, {Susan J.} and Miguel Corona and Dearden, {Peter K.} and Dunn, {W. Augustine} and Elekonich, {Michelle M.} and Tomoko Fujiyuki and Irene Gattermeier and Tanja Gempe and Martin Hasselmann and Eriko Kage and Azusa Kamikouchi and Takeo Kubo and Takekazu Kunieda and Marc{\'e} Lorenzen and Milshina, {Natalia V.} and Mizue Morioka and Kazuaki Ohashi and Ross Overbeek and Ross, {Christian A.} and Morten Schioett and Teresa Shippy and Hideaki Takeuchi and Toth, {Amy L.} and Willis, {Judith H.} and Wilson, {Megan J.} and Gordon, {Karl H.J.} and Ivica Letunic and Kevin Hackett and Jane Peterson and Adam Felsenfeld and Mark Guyer and Michel Solignac and Richa Agarwala and Cornuet, {Jean Marie} and Monique Monnerot and Florence Mougel and Reese, {Justin T.} and Dominique Vautrin and Gillespie, {Joseph J.} and Cannone, {Jamie J.} and Gutell, {Robin R.} and Johnston, {J. Spencer} and Eisen, {Michael B.} and Iyer, {Venky N.} and Vivek Iyer and Peter Kosarev and Mackey, {Aaron J.} and Victor Solovyev and Alexandre Souvorov and Aronstein, {Katherine A.} and Katarina Bilikova and Chen, {Yan Ping} and Clark, {Andrew G.} and Decanini, {Laura I.} and Gelbart, {William M.} and Charles Hetru and Dan Hultmark and Imler, {Jean Luc} and Haobo Jiang and Michael Kanost and Kiyoshi Kimura and Lazzaro, {Brian P.} and Lopez, {Dawn L.} and Jozef Simuth and Thompson, {Graham J.} and Zhen Zou and {De Jong}, Pieter and Erica Sodergren and Mikl{\'o}s Csur{\"o}s and Aleksandar Milosavljevic and Kazutoyo Osoegawa and Stephen Richards and Shu, {Chung Li} and Laurent Duret and Eran Elhaik and Dan Graur and Anzola, {Juan M.} and Campbell, {Kathryn S.} and Childs, {Kevin L.} and Derek Collinge and Crosby, {Madeline A.} and Dickens, {C. Michael} and Grametes, {L. Sian} and Grozinger, {Christina M.} and Jones, {Peter L.} and Mireia Jorda and Xu Ling and Matthews, {Beverly B.} and Jonathan Miller and Craig Mizzen and Peinado, {Miguel A.} and Reid, {Jeffrey G.} and Russo, {Susan M.} and Schroeder, {Andrew J.} and {St. Pierre}, {Susan E.} and Ying Wang and Pinglei Zhou and Huaiyang Jiang and Paul Kitts and Barbara Ruef and Anand Venkatraman and Lan Zhang and Gildardo Aquino-Perez and Whitfield, {Charles W.} and Behura, {Susanta K.} and Berlocher, {Stewart H.} and Sheppard, {Walter S.} and Smith, {Deborah R.} and Suarez, {Andrew V.} and Tsutsui, {Neil D.} and Xuehong Wei and David Wheeler and Paul Havlak and Bingshan Li and Yue Liu and Angela Jovilet and Sandra Lee and Nazareth, {Lynne V.} and Pu, {Ling Ling} and Rachel Thorn and Viktor Stolc and Thomas Newman and Manoj Samanta and Tongprasit, {Waraporn A.} and Charles Claudianos and Berenbaum, {May R.} and Sunita Biswas and {De Graaf}, {Dirk C.} and Rene Feyereisen and Johnson, {Reed M.} and Oakeshott, {John G.} and Hilary Ranson and Schuler, {Mary A.} and Donna Muzny and Joseph Chacko and Clay Davis and Huyen Dinh and Rachel Gill and Judith Hernandez and Sandra Hines and Jennifer Hume and Jackson, {La Ronda} and Christie Kovar and Lora Lewis and George Miner and Margaret Morgan and Ngoc Nguyen and Geoffrey Okwuonu and Heidi Paul and Jireh Santibanez and Glenford Savery and Amanda Svatek and Donna Villasana and Rita Wright},
    year = {2006},
    month = {10},
    day = {26},
    doi = {10.1038/nature05260},
    volume = {443},
    pages = {931--949},
    journal = {Nature},
    issn = {0028-0836},
    publisher = {Nature Publishing Group},
    number = {7114}
}





